@comment{x-kbibtex-personnameformatting=<%l><, %f>}

@book{Palomino03,
	author = "Cerr{\'o}n-Palomino, Rodolfo",
	edition = "2.",
	location = "Cuzco",
	publisher = "Centro de Estudios Regionales Andinos Bartolom{\'e} de Las Casas (CBC)",
	title = "{Ling{\"u}{\'i}stica Quechua}",
	year = "2003"
}

@book{Cusi1,
	address = "Lima",
	author = "Cusihuam{\'a}n, Antonio G.",
	location = "Lima",
	publisher = "Ministerio de Educaci{\'o}n",
	series = "{Diccionarios de consulta de la lengua quechua}",
	title = "{Diccionario Cuzco-Collao}",
	year = "1976"
}

@book{Soto76b,
	address = "Lima",
	author = "{Soto Ruiz}, Clodoaldo",
	location = "Lima",
	publisher = "Ministerio de Educaci{\'o}n",
	series = "{Diccionarios de consulta de la lengua quechua}",
	title = "{Diccionario Ayacucho-Chanca}",
	year = "1976"
}

@book{Cusi2,
	address = "Lima",
	author = "Cusihuam{\'a}n, Antonio G.",
	location = "Lima",
	publisher = "Ministerio de Educaci{\'o}n",
	series = "{Gram{\'a}ticas referenciales de la lengua quechua}",
	title = "{Gram{\'a}tica Quechua: Cuzco-Collao}",
	year = "1976"
}

@book{Soto76a,
	address = "Lima",
	author = "{Soto Ruiz}, Clodoaldo",
	location = "Lima",
	publisher = "Ministerio de Educaci{\'o}n",
	series = "{Gram{\'a}ticas referenciales de la lengua quechua}",
	title = "{Gram{\'a}tica Quechua: Ayacucho-Chanca}",
	year = "1976"
}

@book{Lastra68,
	address = "Paris",
	author = "Lastra, Yolanda",
	location = "Paris",
	publisher = "Mouton The Hague",
	title = "{Cochabamba Quechua Syntax}",
	year = "1968"
}

@inbook{Muysken88,
	author = "Muysken, Pieter",
	booktitle = "{Morphology and Modularity}",
	editor = "Everaert, Martin and Evers, Arnold and Huybregts, Riny and Trommelen, Mieke",
	location = "Dordrecht - Holland/Providence RI - USA",
	pages = "259--279",
	publisher = "Foris Publications",
	series = "{Publications in Language Sciences }",
	title = "{Affix {O}rder and {I}nterpretation: {Q}uechua}",
	volume = "29",
	year = "1988"
}

@book{Itier04,
	address = "Cuzco",
	author = "Itier, C{\'e}sar",
	edition = "2.",
	location = "Cuzco",
	publisher = "Centro de Estudios Regionales Andinos Bartolom{\'e} de Las Casas (CBC)",
	series = "{Biblioteca de la Tradici{\'o}n Oral Andina}",
	title = "{Karu {\~N}ankunapi}",
	volume = "20",
	year = "2004"
}

@book{Dedenbach02,
	address = "Berlin",
	author = "{Dedenbach-Salazar S{\'a}enz}, Sabine and {von Gleich}, Utta and Hartmann, Roswith and Masson, Peter and {Soto Ruiz}, Clodoaldo",
	edition = "4.",
	location = "Berlin",
	publisher = "Dietrich Reimer Verlag GmbH",
	title = "{Rimaykullayki - Unterrichtsmaterialien zum Quechua Ayacuchano}",
	year = "2002"
}

@book{Karttunen03,
	author = "Beesley, Kenneth R. and Karttunen, Lauri",
	publisher = "CSLI Publications",
	title = "{Finite State Morphology}",
	year = "2003"
}

@book{Vienrich89,
	author = "Vienrich, Adolfo",
	publisher = "Ediciones Rikchay Per{\'u}",
	series = "{Colecci{\'o}n de Cultura Andina}",
	title = "{Fabulas Quechuas}",
	volume = "1",
	year = "1989"
}

@book{VanValin05,
	author = "{Van Valin}, Robert D. Jr.",
	location = "Cambridge",
	publisher = "Cambridge University Press",
	title = "{Exploring the Syntax-Semantics Interface}",
	year = "2005"
}

@inproceedings{Levi06,
	address = "Prague",
	annote = "Parallel Treebanks based on an elicitation language and translations to lesser-used languages with word alignments",
	author = "Levin, Lori and Good, Jeff and Alvarez, Alison and Frederking, Robert",
	booktitle = "{Proc. {of} the Fifth Workshop on Treebanks and Linguistic Theories}",
	editor = "Hajic, Jan and Nivre, Joakim",
	month = "December",
	pages = "103--114",
	title = "{Parallel Reverse Treebanks for the Discovery of Morpho-Syntactic Markings}",
	year = 2006
}

@inproceedings{Llitjos06,
	author = "Monson, C. and Llitjos, Ariadna Font and Aranovich, Roberto and Levin, Lori and Brown, Ralf and Peterson, Eric and Carbonell, Jaime and Lavie, Alon",
	booktitle = "{Proc. {of} the Fifth International Conference on Language Resources and Evaluation (LREC) }",
	title = "{Building NLP Systems for Two Resource-Scarce Indigenous Languages: Mapudungun and Quechua}",
	year = "2006"
}

@inproceedings{TAUL08,
	address = "Marrakech, Morocco",
	author = "Taul{\'e}, Mariona and Mart{\'i}, M. Ant{\`o}nia and Recasens, Marta",
	booktitle = "{Proceedings of the Sixth International Language Resources and Evaluation (LREC'08)}",
	date = "28-30",
	editor = "(ELRA), European Language Resources Association",
	language = "english",
	month = "may",
	title = "{AnCora: Multilevel Annotated Corpora for Catalan and Spanish}",
	year = "2008"
}

@inproceedings{Samu06,
	address = "Prague",
	author = "Samuelsson, Yvonne and Volk, Martin",
	booktitle = "{Proc. {of} the Fifth Workshop on Treebanks and Linguistic Theories}",
	editor = "Hajic, Jan and Nivre, Joakim",
	month = "December",
	pages = "91--102",
	title = "{Phrase Alignment in Parallel Treebanks}",
	year = 2006
}

@incollection{Bick04b,
	address = "Copenhagen",
	author = "Bick, Eckhard and Uibo, Heli and M{\"u}{\"u}risep, Kaili",
	booktitle = "{Nordisk Sprogteknologi. Nordic Language Technology. {\AA} rbog for Nordisk Sprogteknologisk Forskningsprogram 2000-2004}",
	editor = "Holmboe, Henrik",
	publisher = "Museum Tusculanums Forlag",
	title = "{Arborest - a Growing Treebank of Estonian}",
	url = "http://beta.visl.sdu.dk/pdf/Bick_Uibo_Muurisep_Arborest_NorFA_yearbook_2004.pdf",
	year = 2004
}

@inproceedings{Samu04,
	address = "T{\"u}bingen",
	author = "Samuelsson, Yvonne and Volk, Martin",
	booktitle = "{Proc. of 3rd Workshop on Treebanks and Linguistic Theories}",
	month = "December",
	title = "{Automatic Node Insertion for Treebank Deepening}",
	url = "http://ling16.ling.su.se:8080/PubDB/doc_repository/Samuelsson_Volk_2004.pdf",
	year = 2004
}

@book{VanValin97,
	author = "{Van Valin Jr.}, Robert D. and Polla, Randy J. La",
	location = "Cambridge, UK",
	publisher = "Cambridge University Press",
	series = "{Cambridge Textbooks in Linguistics}",
	title = "{Syntax - Structure, Meaning and Function}",
	year = "1997"
}

@article{Torero64,
	author = "Torero, Alfredo",
	journal = "Anales Cient{\'i}ficos de la Universidad Agraria, Lima",
	number = "IV",
	pages = "446--478",
	title = "{Los dialectos quechuas}",
	year = "1964"
}

@article{Parker63,
	author = "Parker, Gary J.",
	journal = "Revista del Museo Nacional, Lima",
	number = "32",
	pages = "241--252",
	title = "{Clasificaci{\'o}n gen{\'e}tica de los dialectos quechuas}",
	year = "1963"
}

@book{Adelaar04,
	author = "Adelaar, Willem F. H. and Muysken, Pieter",
	publisher = "Cambridge University Press",
	series = "{Cambridge Language Surveys}",
	title = "{The Languages of the Andes}",
	year = "2004"
}

@book{Academia,
	address = "Cuzco, Per{\'u}",
	edition = "2",
	publisher = "Academia Mayor de la Lengua Quechua",
	title = "{Diccionario: Quechua - Espa{\~n}ol - Quechua, Qheswa - Espa{\~n}ol - Qheswa: Simi Taqe}",
	year = "2005"
}

@book{Palomino94,
	address = "Lima",
	author = "Cerr{\'o}n-Palomino, Rodolfo",
	publisher = "Biblioteca Nacional del Per{\'u}",
	title = "{Quechua sure{\~n}o, diccionario unificado quechua-castellano, castellano-quechua}",
	year = "1994"
}

@book{Herold07,
	address = "M{\"u}nchen",
	author = "Herold, Helmut and Lurz, Bruno and Wohlrab, J{\"u}rgen",
	publisher = "Pearson Studium",
	title = "{Grundlagen der Informatik. Praktisch - Technisch - Theoretisch}",
	year = "2007"
}

@book{Carstensen04,
	address = "M{\"u}nchen",
	booktitle = "{Computerlinguistik und Sprachtechnologie : Eine Einf{\"u}hrung}",
	editor = "Carstensen, Kai-Uwe and Ebert, Christian and Endriss, Cornelia and Jekat, Susanne and Klabunde, Ralf and Langer, Hagen",
	publisher = "Elsevier",
	title = "{Computerlinguistik und Sprachtechnologie : Eine Einf{\"u}hrung}",
	year = "2004"
}

@inproceedings{Beesley03,
	author = "Beesley, Kenneth R.",
	booktitle = "{Proceedings of the Workshop of Finite-State Methods in Natural Language Processing}",
	pages = "19--26",
	series = "{10th Conference of the European Chapter of the Association for Computational Linguistics}",
	title = "{Finite-State {M}orphological {A}nalysis and {G}eneration for {A}ymara}",
	url = "http://www.aymara.org/biblio/aymara-morph.pdf",
	year = "2003"
}

@techreport{Beesley00,
	author = "Beesley, Kenneth R.",
	institution = "Xerox Research Centre Europe",
	title = "{A note on phonologically conditioned selection of verbalization suffixes in {A}ymara}",
	year = "2000"
}

@book{Hardman88,
	address = "La Paz",
	author = "Hardman, Martha J. and V{\'a}squez, Juana and Yapita, Juan de Dios",
	publisher = "ILCA",
	title = "{Aymara: Compendio de estructura fonol{\'o}gica y gramatical}",
	year = "1988"
}

@book{Hardman01,
	address = "Munich",
	author = "Hardman, Martha J.",
	publisher = "LINCOM EUROPA",
	series = "{Languages of the World}",
	title = "{Aymara}",
	year = "2001"
}

@inproceedings{Gasser08,
	author = "Gasser, Michael",
	booktitle = "{First Biennial Symposium on Teaching Indigenous Languages of Latin America}",
	location = "Bloomington, Indiana, USA",
	title = "{Computational morphology and the teaching of indigenous languages}",
	year = "2008"
}

@article{Itier97,
	author = "Itier, C{\'e}sar",
	journal = "Bulletin de l'Institut fran\c{c}ais d'{\'e}tudes andines",
	number = "26",
	pages = "307--346",
	title = "{El zorro del cielo: Un mito sobre el origin de las plantas cultivadas y los intercambios con el mundo sobrenatural}",
	year = "1997"
}

@book{Morato85,
	address = "Cochabamba, Bolivia",
	author = "{Morat{\'o} Pe{\~n}a}, Luis",
	edition = "1",
	publisher = {Instituto de Idiomas "Tawantinsuyu"},
	title = "{Quechua Boliviano: Curso Elemental, Tomo 1}",
	year = "1985"
}

@phdthesis{Faller02,
	author = "Faller, Martina T.",
	month = jun,
	school = "Stanford University",
	title = "{Semantics and Pragmatics of Evidentials in Cuzco Quechua}",
	year = "2002"
}

@article{Zuidema73,
	author = "Zuidema, R. Tom",
	journal = "Bulletin de l'Institut fran\c{c}ais d'{\'e}tudes andines",
	number = "1",
	pages = "16--33",
	title = "{Kinship and {A}ncestorcult in three {P}eruvian {C}ommunities. {H}ernandez {P}rincipe's {A}ccount of 1622.}",
	volume = "2",
	year = "1973"
}

@incollection{Kerke94,
	author = "van de Kerke, Simon",
	booktitle = "{Language in the Andes}",
	editor = "Cole, Peter and others",
	location = "Delaware",
	organization = "Latin American Studies",
	pages = "231--245",
	publisher = "University of Delaware",
	title = "{Mismatches {B}etween {A}ffix {O}rder and {I}nterpretation: Quechua -chi, -mu and -pu {R}evisited}",
	year = "1994"
}

@book{Soto06,
	address = "Lima",
	author = "{Soto Ruiz}, Clodoaldo",
	edition = "3",
	month = nov,
	publisher = "IEP Instituto de Estudios Peruanos",
	series = "{Lengua y Sociedad}",
	title = "{Quechua - Manual de Ense{\~n}anza}",
	volume = "4",
	year = "2006"
}

@book{Adelaar77,
	address = "Amsterdam",
	author = "Adelaar, Willem F. H.",
	publisher = "The Peter de Ridder Press",
	title = "{Tarma Quechua: Grammar, Texts, Dictionary }",
	year = "1977"
}

@article{Oflazer94,
	author = "Oflazer, Kemal",
	journal = "Literary and Linguistic Computing",
	number = "2",
	title = "{Two-level {D}escription of {T}urkish {M}orphology}",
	volume = "9",
	year = "1994"
}

@book{Bussmann02,
	address = "Stuttgart",
	author = "Bu{\ss}mann, H.",
	edition = "3",
	publisher = "Kr{\"o}ner",
	title = "{Lexikon der Sprachwissenschaft}",
	year = "2002"
}

@article{Oflazer96,
	author = "Oflazer, Kemal",
	journal = "Computational Linguistics",
	number = "1",
	title = "{Error-tolerant {F}inite {S}tate {R}ecognition with {A}pplications to {M}orphological {A}nalysis and {S}pelling {C}orrection}",
	volume = "22",
	year = "1996"
}

@incollection{Clements82,
	author = "Clements, George N. and Sezer, Engin",
	booktitle = "{The structure of phonological representations. Part II}",
	editor = "v. d. Hulst, H. and Smith, N.",
	location = "Dordrecht",
	pages = "213--255",
	publisher = "Foris Publications",
	title = "{Vowel and {C}onsonant {D}isharmony in {T}urkish}",
	year = "1982"
}

@article{Oflazer06,
	author = "Oflazer, Kemal and Inkelas, Sharon",
	journal = "Computer Speech and Language",
	number = "1",
	title = "{The {A}rchitecture and the {I}mplementation of a {F}inite {S}tate {P}ronunciation {L}exicon for {T}urkish}",
	volume = "20",
	year = "2006"
}

@inproceedings{Rios09,
	author = "{Rios Gonzales}, Annette and G{\"o}hring, Anne and Volk, Martin",
	booktitle = "{Proceedings of the Seventh International Workshop on Treebanks and Linguistic Theories (TLT 7)}",
	editor = "{van Eynde}, Frank and Frank, Anette and {De Smedt}, Koenraad and {van Noord}, Gertjan",
	location = "Utrecht, Netherlands",
	pages = "53--64",
	publisher = "Landelijke Onderzoekschool Taalwetenschap",
	title = "{A {Q}uechua-{S}panish {P}arallel {T}reebank}",
	year = "2009"
}

@book{Acuerdo02,
	address = "Lima, Per{\'u}",
	publisher = "Empresa Peruana de Servicios Editoriales S.A.Segraf - Editora Per{\'u}",
	title = "{Per{\'u} Suyupa Hatun Rimanakuynin, Acuerdo Nacional nisqa }",
	year = "2002"
}

@article{Nichols86,
	author = "Nichols, Johanna",
	journal = "Language",
	month = mar,
	number = "1",
	pages = "56--119",
	title = "{Head-{M}arking and {D}ependent-{M}arking {G}rammar}",
	volume = "62",
	year = "1986"
}

@article{Escobar97,
	author = "Escobar, Anna Mar{\'i}a",
	journal = "Hispania",
	month = "December",
	number = "4",
	pages = "859--870",
	title = "{Contrastive and {I}nnovative {U}ses of the {P}resent {P}erfect and the {P}reterite in {S}panish in {C}ontact with {Q}uechua}",
	volume = "80",
	year = "1997"
}

@inproceedings{Hulden09,
	author = "Hulden, Mans",
	booktitle = "{EACL {Demo}}",
	pages = "29--32",
	publisher = "The Association for Computer Linguistics",
	title = "{Foma: a Finite-State Compiler and Library}",
	year = "2009"
}

@book{Carstensen2010,
	editor = "Carstensen, Kai-Uwe and Ebert, Christian and Ebert, Cornelia and Jekat, Susanne and Klabunde, Ralf and Langer, Hagen",
	isbn = "3827420237",
	publisher = "Springer",
	title = "{Computerlinguistik und Sprachtechnologie: Eine Einf{\"u}hrung }",
	year = 2010
}

@inproceedings{Ebert08,
	author = "Ebert, Karen H.",
	booktitle = "{From Siberia to Ethiopia: Converbs in a Cross-Linguistic Perspective}",
	editor = "Ebert, Karen H. and Matissen, Johanna and Suter, Raphael",
	location = "Zurich",
	pages = "1--33",
	publisher = "ASAS",
	series = "{Arbeiten des Seminars f{\"u}r Allgemeine Sprachwissenschaft}",
	title = "{Forms and Functions of Converbs}",
	volume = "20",
	year = "2008"
}

@book{Valderrama77,
	address = "Cuzco",
	author = "{Valderrama Fernandez}, Ricardo and {Escalante Gutierrez}, Carmen",
	publisher = "Centro de Estudios Rurales Andinos 'Bartolom{\'e} de las Casas'",
	series = "{Biblioteca de la Tradici{\'o}n Oral Andina}",
	title = "{Gregorio Condori Mamani - Autobiograf{\'i}a}",
	year = "1977"
}

@misc{Defensora,
	author = "{Defensor{\'i}a del Pueblo}",
	howpublished = "http://www.defensoria.gob.pe/quechua/defensora-cv.php",
	institution = "Defensor{\'i}a del Pueblo",
	title = "{Llaqtaman sayapakuq - {Beatriz Merino}}"
}

@phdthesis{Hastings04,
	author = "Hastings, Rachel",
	school = "Cornell University",
	title = "{The Syntax and Semantics of Relativization and Quantification: The Case of Quechua}",
	year = "2004"
}

@book{Sanchez2010,
	author = "S{\'a}nchez, Liliana",
	location = "Amsterdam/Philadelphia",
	publisher = "John Benjamins Publishing Company",
	series = "{Lingustics Today}",
	title = "{The Morphology and Syntax of Topic and Focus. Minimalist inquiries in the Quechua periphery}",
	volume = "169",
	year = "2010"
}

